<?xml version="1.0" encoding="UTF-8"?><collection xmlns="http://www.loc.gov/MARC21/slim"><record><leader>00432nam--2200169-i-4500</leader><controlfield tag="001">000046957</controlfield><controlfield tag="002">20161230</controlfield><controlfield tag="005">20170112233633</controlfield><controlfield tag="008">060222s1000------------r-----000-0-eng-d</controlfield><datafield ind1=" " ind2=" " tag="080"><subfield code="a">517.564.3</subfield></datafield><datafield ind1=" " ind2=" " tag="100"><subfield code="a">Watson, G. N</subfield></datafield><datafield ind1=" " ind2=" " tag="245"><subfield code="a">A treatise on the theory of bessel functions</subfield></datafield><datafield ind1=" " ind2=" " tag="250"><subfield code="a">second edition</subfield></datafield><datafield ind1=" " ind2=" " tag="260"><subfield code="a">New York</subfield><subfield code="b">Macmillan Co</subfield><subfield code="c">1948</subfield></datafield><datafield ind1=" " ind2=" " tag="300"><subfield code="a">VI+804 p</subfield></datafield><datafield ind1=" " ind2=" " tag="852"><subfield code="a">2083</subfield><subfield code="c">517.7</subfield></datafield><datafield ind1=" " ind2=" " tag="CAT"><subfield code="a">SYS</subfield><subfield code="c">20170112</subfield><subfield code="h">233633</subfield></datafield></record></collection>